@inproceedings{allahyari2011user,
	title={User-oriented assessment of classification model understandability},
	author={Allahyari, Hiva and Lavesson, Niklas},
	booktitle={11th scandinavian conference on Artificial intelligence},
	year={2011},
	organization={IOS Press}
}

@article{arras2017relevant,
	title={" What is relevant in a text document?": An interpretable machine learning approach},
	author={Arras, Leila and Horn, Franziska and Montavon, Gr{\'e}goire and M{\"u}ller, Klaus-Robert and Samek, Wojciech},
	journal={PloS one},
	volume={12},
	number={8},
	pages={e0181142},
	year={2017},
	publisher={Public Library of Science}
}

@article{artz2007survey,
	title={A survey of trust in computer science and the semantic web},
	author={Artz, Donovan and Gil, Yolanda},
	journal={Web Semantics: Science, Services and Agents on the World Wide Web},
	volume={5},
	number={2},
	pages={58--71},
	year={2007},
	publisher={Elsevier}
}

@article{bedi2006assessing,
	title={Assessing user trust to improve web usability},
	author={Bedi, Punam and Banati, Hema},
	journal={Journal of computer Science},
	volume={2},
	number={3},
	pages={283--7},
	year={2006}
}

@inproceedings{bibal2016interpretability,
	title={Interpretability of machine learning models and representations: an introduction},
	author={Bibal, Adrien and Fr{\'e}nay, Beno{\^\i}t},
	booktitle={Proceedings on ESANN},
	pages={77--82},
	year={2016}
}

@inproceedings{biran2017explanation,
	title={Explanation and justification in machine learning: A survey},
	author={Biran, Or and Cotton, Courtenay},
	booktitle={IJCAI-17 Workshop on Explainable AI (XAI)},
	pages={8},
	year={2017}
}

@article{burrell2016machine,
	title={How the machine ‘thinks’: Understanding opacity in machine learning algorithms},
	author={Burrell, Jenna},
	journal={Big Data \& Society},
	volume={3},
	number={1},
	pages={2053951715622512},
	year={2016},
	publisher={SAGE Publications Sage UK: London, England}
}

@inproceedings{cassens2007designing,
	title={Designing Explanation Aware Systems: The Quest for Explanation Patterns.},
	author={Cassens, J{\"o}rg and Kofod-Petersen, Anders},
	booktitle={ExaCt},
	pages={20--27},
	year={2007}
}

@inproceedings{davidson2017automated,
title = {Automated Hate Speech Detection and the Problem of Offensive Language},
author = {Davidson, Thomas and Warmsley, Dana and Macy, Michael and Weber, Ingmar}, 
booktitle = {Proceedings of the 11th International AAAI Conference on Web and Social Media},
series = {ICWSM '17},
year = {2017},
location = {Montreal, Canada},
pages = {512-515}
}

@article{diakopoulos2016accountability,
	title={Accountability in algorithmic decision making},
	author={Diakopoulos, Nicholas},
	journal={Communications of the ACM},
	volume={59},
	number={2},
	pages={56--62},
	year={2016},
	publisher={ACM}
}

@article{domingos2012few,
	title={A few useful things to know about machine learning},
	author={Domingos, Pedro},
	journal={Communications of the ACM},
	volume={55},
	number={10},
	pages={78--87},
	year={2012},
	publisher={ACM}
}

@article{gilpin2018explaining,
	title={Explaining Explanations: An Approach to Evaluating Interpretability of Machine Learning},
	author={Gilpin, Leilani H and Bau, David and Yuan, Ben Z and Bajwa, Ayesha and Specter, Michael and Kagal, Lalana},
	journal={arXiv preprint arXiv:1806.00069},
	year={2018}
}

@inproceedings{glass2008toward,
	title={Toward establishing trust in adaptive agents},
	author={Glass, Alyssa and McGuinness, Deborah L and Wolverton, Michael},
	booktitle={Proceedings of the 13th international conference on Intelligent user interfaces},
	pages={227--236},
	year={2008},
	organization={ACM}
}

@article{goodman16eu,
	author = {Goodman, Bryce and Flaxman, Seth},
	year = {2016},
	month = {06},
	pages = {},
	title = {EU regulations on algorithmic decision-making and a "right to explanation"},
	volume = {38},
	journal = {AI Magazine},
	doi = {10.1609/aimag.v38i3.2741}
}

@article{guidotti2018survey,
	title={A survey of methods for explaining black box models},
	author={Guidotti, Riccardo and Monreale, Anna and Ruggieri, Salvatore and Turini, Franco and Giannotti, Fosca and Pedreschi, Dino},
	journal={ACM Computing Surveys (CSUR)},
	volume={51},
	number={5},
	pages={93},
	year={2018},
	publisher={ACM}
}

@inproceedings{hendricks2018generating,
	title={Generating Counterfactual Explanations with Natural Language},
	author={Hendricks, Lisa Anne and Hu, Ronghang and Darrell, Trevor and Akata, Zeynep},
	booktitle={ICML Workshop on Human Interpretability in Machine Learning},
	year={2018}
}

@article{keil2006explanation,
	title={Explanation and understanding},
	author={Keil, Frank C},
	journal={Annu. Rev. Psychol.},
	volume={57},
	pages={227--254},
	year={2006},
	publisher={Annual Reviews}
}

@article{kouloumpis2011twitter,
	title={Twitter sentiment analysis: The good the bad and the omg!},
	author={Kouloumpis, Efthymios and Wilson, Theresa and Moore, Johanna D},
	journal={Icwsm},
	volume={11},
	number={538-541},
	pages={164},
	year={2011}
}

@inproceedings{kulesza2013too,
	title={Too much, too little, or just right? Ways explanations impact end users' mental models},
	author={Kulesza, Todd and Stumpf, Simone and Burnett, Margaret and Yang, Sherry and Kwan, Irwin and Wong, Weng-Keen},
	booktitle={Visual Languages and Human-Centric Computing (VL/HCC), 2013 IEEE Symposium on},
	pages={3--10},
	year={2013},
	organization={IEEE}
}

@article{lacave2002review,
	title={A review of explanation methods for Bayesian networks},
	author={Lacave, Carmen and D{\'\i}ez, Francisco J},
	journal={The Knowledge Engineering Review},
	volume={17},
	number={2},
	pages={107--127},
	year={2002},
	publisher={Cambridge University Press}
}

@article{langer1978mindlessness,
	title={The mindlessness of ostensibly thoughtful action: The role of" placebic" information in interpersonal interaction.},
	author={Langer, Ellen J and Blank, Arthur and Chanowitz, Benzion},
	journal={Journal of personality and social psychology},
	volume={36},
	number={6},
	pages={635},
	year={1978},
	publisher={American Psychological Association}
}

@inproceedings{lipton2016mythos,
	title={The mythos of model interpretability},
	author={Lipton, Zachary},
	booktitle={ICML Workshop on Human Interpretability in Machine Learning (WHI 2016)},
	year={2016},
	organization={ICML}
}

@article{liu2017towards,
	title={Towards better analysis of machine learning models: A visual analytics perspective},
	author={Liu, Shixia and Wang, Xiting and Liu, Mengchen and Zhu, Jun},
	journal={Visual Informatics},
	volume={1},
	number={1},
	pages={48--56},
	year={2017},
	publisher={Elsevier}
}

@article{miller2017explanation,
	title={Explanation in artificial intelligence: insights from the social sciences},
	author={Miller, Tim},
	journal={arXiv preprint arXiv:1706.07269},
	year={2017}
}

@inproceedings{miller2017explainable,
	title={Explainable AI: Beware of inmates running the asylum},
	author={Miller, Tim and Howe, Piers and Sonenberg, Liz},
	booktitle={IJCAI-17 Workshop on Explainable AI (XAI)},
	volume={36},
	year={2017}
}

@inproceedings{mittelstadt2019explaining,
	title={Explaining Explanations in AI},
	author={Mittelstadt, Brent and Russell, Chris and Wachter, Sandra},
	booktitle={Proceedings of FAT*’19: Conference on Fairness, Accountability, and Transparency (FAT*’19)},
	year={2019}
}

@article{preece2018asking,
	title={Asking ‘Why’in AI: Explainability of intelligent systems--perspectives and challenges},
	author={Preece, Alun},
	journal={Intelligent Systems in Accounting, Finance and Management},
	volume={25},
	number={2},
	pages={63--72},
	year={2018},
	publisher={Wiley Online Library}
}

@inproceedings{ribeiro2016should,
	title={Why should i trust you?: Explaining the predictions of any classifier},
	author={Ribeiro, Marco Tulio and Singh, Sameer and Guestrin, Carlos},
	booktitle={Proceedings of the 22nd ACM SIGKDD international conference on knowledge discovery and data mining},
	pages={1135--1144},
	year={2016},
	organization={ACM}
}

@inproceedings{richardson2018survey,
	title={A Survey of Interpretability and Explainability in Human-Agent Systems},
	author={Richardson, Ariella and Rosenfeld, Avi},
	booktitle={XAI Workshop on Explainable Artificial Intelligence},
	pages={137-143},
	year={2018}
}

@article{selbst2017meaningful,
	title={Meaningful information and the right to explanation},
	author={Selbst, Andrew D and Powles, Julia},
	journal={International Data Privacy Law},
	volume={7},
	number={4},
	pages={233--242},
	year={2017},
	publisher={Oxford University Press}
}

@article{simon1992explanation,
	title={What is an “explanation” of behavior?},
	author={Simon, Herbert A},
	journal={Psychological science},
	volume={3},
	number={3},
	pages={150--161},
	year={1992},
	publisher={SAGE Publications Sage CA: Los Angeles, CA}
}

@article{van2018contrastive,
	title={Contrastive explanations for reinforcement learning in terms of expected consequences},
	author={van der Waa, J and van Diggelen, J and van den Bosch, K and Neerincx, M},
	journal={XAI 2018},
	pages={165}
}

@inproceedings{ventocilla2018taxonomy,
	title={Towards a Taxonomy for Interpretable and Interactive Machine Learning},
	author={Ventocilla, Elio and Helldin, Tove and Riveiro, Maria and Bae, Juhee and Boeva, Veselka and Falkmann, G{\"o}ran and Lavesson, Niklas},
	booktitle={XAI Workshop on Explainable Artificial Intelligence},
	pages={151--157},
	year={2018}
}

@inproceedings{vorm2018assessing,
	title={Assessing Demand for Transparency in Intelligent Systems Using Machine Learning},
	author={Vorm, Eric S},
	booktitle={2018 Innovations in Intelligent Systems and Applications (INISTA)},
	pages={1--7},
	year={2018},
	organization={IEEE}
}



















